@article{dou2016fusion4d,
 author = {Dou, Mingsong and Khamis, Sameh and Degtyarev, Yury and Davidson, Philip and Fanello, Sean Ryan and Kowdle, Adarsh and Escolano, Sergio Orts and Rhemann, Christoph and Kim, David and Taylor, Jonathan and Kohli, Pushmeet and Tankovich, Vladimir and Izadi, Shahram},
 title = {Fusion4D: Real-time Performance Capture of Challenging Scenes},
 journal = {ACM Trans. Graph.},
 issue_date = {July 2016},
 volume = {35},
 number = {4},
 month = jul,
 year = {2016},
 issn = {0730-0301},
 pages = {114:1--114:13},
 articleno = {114},
 numpages = {13},
 url = {http://doi.acm.org/10.1145/2897824.2925969},
 doi = {10.1145/2897824.2925969},
 acmid = {2925969},
 publisher = {ACM},
 address = {New York, NY, USA},
 keywords = {4D reconstruction, multi-view, nonrigid, real-time},
}

@inproceedings{orts2016holoportation,
 author = {Orts-Escolano, Sergio and Rhemann, Christoph and Fanello, Sean and Chang, Wayne and Kowdle, Adarsh and Degtyarev, Yury and Kim, David and Davidson, Philip L. and Khamis, Sameh and Dou, Mingsong and Tankovich, Vladimir and Loop, Charles and Cai, Qin and Chou, Philip A. and Mennicken, Sarah and Valentin, Julien and Pradeep, Vivek and Wang, Shenlong and Kang, Sing Bing and Kohli, Pushmeet and Lutchyn, Yuliya and Keskin, Cem and Izadi, Shahram},
 title = {Holoportation: Virtual 3D Teleportation in Real-time},
 booktitle = {Proceedings of the 29th Annual Symposium on User Interface Software and Technology},
 series = {UIST '16},
 year = {2016},
 isbn = {978-1-4503-4189-9},
 location = {Tokyo, Japan},
 pages = {741--754},
 numpages = {14},
 url = {http://doi.acm.org/10.1145/2984511.2984517},
 doi = {10.1145/2984511.2984517},
 acmid = {2984517},
 publisher = {ACM},
 address = {New York, NY, USA},
 keywords = {3d capture, depth cameras, gpu, mixed reality, non-rigid reconstruction, real-time, telepresence},
}




@ARTICLE{zhang2000flexible,
author={Z. Zhang},
journal={IEEE Transactions on Pattern Analysis and Machine Intelligence},
title={A flexible new technique for camera calibration},
year={2000},
volume={22},
number={11},
pages={1330-1334},
keywords={calibration;computer vision;geometry;image sensors;matrix algebra;maximum likelihood estimation;optimisation;3D computer vision;camera calibration;flexible technique;maximum likelihood criterion;planar pattern;radial lens distortion;Calibration;Cameras;Closed-form solution;Computer simulation;Computer vision;Layout;Lenses;Maximum likelihood estimation;Nonlinear distortion;Testing},
doi={10.1109/34.888718},
ISSN={0162-8828},
month={Nov},}



@ARTICLE{zhang2004camera,
author={Zhengyou Zhang},
journal={IEEE Transactions on Pattern Analysis and Machine Intelligence},
title={Camera calibration with one-dimensional objects},
year={2004},
volume={26},
number={7},
pages={892-899},
keywords={calibration;cameras;computer vision;maximum likelihood estimation;minimisation;nonlinear estimation;photogrammetry;2D objects;3D apparatus;camera calibration;closed form solution;computer vision;free moving 1D objects;maximum likelihood criterion;minimisation;nonlinear technique;one dimensional objects;photogrammetry;Calibration;Cameras;Closed-form solution;Computer vision;Data mining;Filling;Geometry;Layout;Maximum likelihood estimation;Taxonomy;1D objects;Camera calibration;calibration apparatus;calibration taxonomy;degenerate configuration.;singularity;Algorithms;Calibration;Image Enhancement;Image Interpretation, Computer-Assisted;Imaging, Three-Dimensional;Photography;Reproducibility of Results;Sensitivity and Specificity;United States},
doi={10.1109/TPAMI.2004.21},
ISSN={0162-8828},
month={July},}


@INPROCEEDINGS{Li2013A,
author={B. Li and L. Heng and K. Koser and M. Pollefeys},
booktitle={2013 IEEE/RSJ International Conference on Intelligent Robots and Systems},
title={A multiple-camera system calibration toolbox using a feature descriptor-based calibration pattern},
year={2013},
volume={},
number={},
pages={1301-1307},
keywords={calibration;cameras;mathematics computing;Matlab toolbox;catadioptric cameras;feature descriptor-based calibration pattern;multiple-camera system calibration toolbox;pinhole cameras;Calibration;Cameras;Equations;Feature extraction;Mathematical model;Noise;Robot vision systems},
doi={10.1109/IROS.2013.6696517},
ISSN={2153-0858},
month={Nov},}


@INPROCEEDINGS{zhao2008practical,
author={Zijian Zhao and Yuncai Liu},
booktitle={2008 IEEE International Conference on Multimedia and Expo},
title={Practical multi-camera calibration algorithm with 1D objects for virtual environments},
year={2008},
volume={},
number={},
pages={1197-1200},
keywords={calibration;computer vision;image sensors;matrix decomposition;virtual reality;maximum likelihood inference;multicamera calibration algorithm;rank-4 factorization;scaled measurement matrix;virtual reality;Algorithm design and analysis;Calibration;Cameras;Equations;Image processing;Inference algorithms;Pattern recognition;Recursive estimation;Transmission line matrix methods;Virtual environment;Factorization;Homography;Multi-Camera Calibration;Projective Depth;Scaled Measurement Matrix},
doi={10.1109/ICME.2008.4607655},
ISSN={1945-7871},
month={June},
}

@article{svoboda2005convenient,
author={T. Svoboda and D. Martinec and T. Pajdla},
journal={Presence},
title={A Convenient Multicamera Self-Calibration for Virtual Environments},
year={2005},
volume={14},
number={4},
pages={407-422},
keywords={},
doi={10.1162/105474605774785325},
ISSN={1054-7460},
month={Aug},}
}

@INPROCEEDINGS{Maye2013Self,
author={J. Maye and P. Furgale and R. Siegwart},
booktitle={2013 IEEE Intelligent Vehicles Symposium (IV)},
title={Self-supervised calibration for robotic systems},
year={2013},
volume={},
number={},
pages={473-480},
keywords={Newton method;SLAM (robots);calibration;mobile robots;observability;parameter estimation;sensors;Gauss-Newton system;automatic measurement sequence identification;automatic measurement sequence storage;calibration dataset;calibration parameter estimation;calibration parameter observability;computational efficiency;generic algorithm;information theoretic measures;minimal data set;parameter space;parameter updates;redundant information;robotic systems;self-calibration;self-supervised calibration;sensor stream;stability;truncated QR decomposition;Calibration;Matrix decomposition;Observability;Robot kinematics;Robot sensing systems;Vehicles},
doi={10.1109/IVS.2013.6629513},
ISSN={1931-0587},
month={June},}


@article{kalibr,
  title={https://github.com/ethz-asl/kalibr},
  author={Kalibr}

}

@article{snavely2006photo,
 author = {Snavely, Noah and Seitz, Steven M. and Szeliski, Richard},
 title = {Photo Tourism: Exploring Photo Collections in 3D},
 journal = {ACM Trans. Graph.},
 issue_date = {July 2006},
 volume = {25},
 number = {3},
 month = jul,
 year = {2006},
 issn = {0730-0301},
 pages = {835--846},
 numpages = {12},
 url = {http://doi.acm.org/10.1145/1141911.1141964},
 doi = {10.1145/1141911.1141964},
 acmid = {1141964},
 publisher = {ACM},
 address = {New York, NY, USA},
 keywords = {image-based modeling, image-based rendering, photo browsing, structure from motion},
}
@article{lowe2004distinctive,
 author = {Lowe, David G.},
 title = {Distinctive Image Features from Scale-Invariant Keypoints},
 journal = {Int. J. Comput. Vision},
 issue_date = {November 2004},
 volume = {60},
 number = {2},
 month = nov,
 year = {2004},
 issn = {0920-5691},
 pages = {91--110},
 numpages = {20},
 url = {https://doi.org/10.1023/B:VISI.0000029664.99615.94},
 doi = {10.1023/B:VISI.0000029664.99615.94},
 acmid = {996342},
 publisher = {Kluwer Academic Publishers},
 address = {Hingham, MA, USA},
 keywords = {image matching, invariant features, object recognition, scale invariance},
}


@Inbook{vasconcelos2012minimal,
author="Vasconcelos, Francisco
and Barreto, Jo{\~a}o Pedro
and Boyer, Edmond",
editor="Fitzgibbon, Andrew
and Lazebnik, Svetlana
and Perona, Pietro
and Sato, Yoichi
and Schmid, Cordelia",
title="A Minimal Solution for Camera Calibration Using Independent Pairwise Correspondences",
bookTitle="Computer Vision -- ECCV 2012: 12th European Conference on Computer Vision, Florence, Italy, October 7-13, 2012, Proceedings, Part VI",
year="2012",
publisher="Springer Berlin Heidelberg",
address="Berlin, Heidelberg",
pages="724--737",
abstract="We propose a minimal algorithm for fully calibrating a camera from 11 independent pairwise point correspondences with two other calibrated cameras. Unlike previous approaches, our method neither requires triple correspondences, nor prior knowledge about the viewed scene. This algorithm can be used to insert or re-calibrate a new camera into an existing network, without having to interrupt operation. Its main strength comes from the fact that it is often difficult to find triple correspondences in a camera network. This makes our algorithm, for the specified use cases, probably the most suited calibration solution that does not require a calibration target, and hence can be performed without human interaction.",
isbn="978-3-642-33783-3",
doi="10.1007/978-3-642-33783-3_52",
url="https://doi.org/10.1007/978-3-642-33783-3_52"
}



@INPROCEEDINGS{bushnevskiy2016multicamera,
author={A. Bushnevskiy and L. Sorgi and B. Rosenhahn},
booktitle={2016 IEEE Conference on Computer Vision and Pattern Recognition (CVPR)},
title={Multicamera Calibration from Visible and Mirrored Epipoles},
year={2016},
volume={},
number={},
pages={3373-3381},
keywords={calibration;cameras;stereo image processing;system recovery;3D reconstruction;3D vision;LED-based algorithm;automatic multicamera system recovery;geometrical constraints;mirrored epipoles;multicamera rigs;multicamera system calibration;multicamera virtual reality rig;spherical dome configuration;visible epipoles;Calibration;Cameras;Estimation;Geometry;Jacobian matrices;Mathematical model;Three-dimensional displays},
doi={10.1109/CVPR.2016.367},
ISSN={},
month={June},}



@ARTICLE{Besl1992A,
author={P. J. Besl and N. D. McKay},
journal={IEEE Transactions on Pattern Analysis and Machine Intelligence},
title={A method for registration of 3-D shapes},
year={1992},
volume={14},
number={2},
pages={239-256},
keywords={computational geometry;convergence of numerical methods;iterative methods;optimisation;pattern recognition;picture processing;3D shape registration;convergence;geometric entity;geometric model;iterative closest point;mean-square distance metric;pattern recognition;point set registration;Convergence;Inspection;Iterative algorithms;Iterative closest point algorithm;Iterative methods;Motion estimation;Quaternions;Shape measurement;Solid modeling;Testing},
doi={10.1109/34.121791},
ISSN={0162-8828},
month={Feb},}


@article{lour09,
 author = {Lourakis, Manolis I. A. and Argyros, Antonis A.},
 title = {SBA: A Software Package for Generic Sparse Bundle Adjustment},
 journal = {ACM Trans. Math. Softw.},
 issue_date = {March 2009},
 volume = {36},
 number = {1},
 month = mar,
 year = {2009},
 issn = {0098-3500},
 pages = {2:1--2:30},
 articleno = {2},
 numpages = {30},
 url = {http://doi.acm.org/10.1145/1486525.1486527},
 doi = {10.1145/1486525.1486527},
 acmid = {1486527},
 publisher = {ACM},
 address = {New York, NY, USA},
 keywords = {Levenberg-Marquardt, Unconstrained optimization, bundle adjustment, engineering applications, multiple-view geometry, nonlinear least squares, sparse Jacobian, structure and motion estimation},
}

@INPROCEEDINGS{scharstein,
author={D. Scharstein and R. Szeliski and R. Zabih},
booktitle={Proceedings IEEE Workshop on Stereo and Multi-Baseline Vision (SMBV 2001)},
title={A taxonomy and evaluation of dense two-frame stereo correspondence algorithms},
year={2001},
volume={},
number={},
pages={131-140},
keywords={image matching;software performance evaluation;stereo image processing;C++ implementation;computer vision;multiframe stereo data sets;performance;stereo correspondence;stereo matching;Bismuth;Taxonomy},
doi={10.1109/SMBV.2001.988771},
ISSN={},
month={},}

@inproceedings{Bleyer2011PatchMatch,
author = {Bleyer, Michael and Rhemann, Christoph and Rother, Carsten},
year = {2011},
month = {01},
pages = {14.1-14.11},
title = {PatchMatch Stereo - Stereo Matching with Slanted Support Windows},
volume = {11},
isbn = {1-901725-43-X},
booktitle = {BMVC}
}
